<?xml version="1.0" encoding="UTF-8"?><record xmlns="http://www.loc.gov/MARC21/slim" xmlns:cinclude="http://apache.org/cocoon/include/1.0" xmlns:zs="http://www.loc.gov/zing/srw/">
  <leader>01522cz  a2200253n  4500</leader>
  <controlfield tag="001">no2010010150</controlfield>
  <controlfield tag="003">DLC</controlfield>
  <controlfield tag="005">20100325075335.0</controlfield>
  <controlfield tag="008">100120n| acannaabn          |b aaa     c</controlfield>
  <datafield tag="010" ind1=" " ind2=" ">
    <subfield code="a">no2010010150</subfield>
  </datafield>
  <datafield tag="035" ind1=" " ind2=" ">
    <subfield code="a">(OCoLC)oca08367284</subfield>
  </datafield>
  <datafield tag="040" ind1=" " ind2=" ">
    <subfield code="a">ICU</subfield>
    <subfield code="b">eng</subfield>
    <subfield code="c">ICU</subfield>
    <subfield code="d">DLC</subfield>
  </datafield>
  <datafield tag="100" ind1="1" ind2=" ">
    <subfield code="a">Ḥāʼirī, ʻAbd al-Raḥīm,</subfield>
    <subfield code="d">1877-1948</subfield>
  </datafield>
  <datafield tag="400" ind1="1" ind2=" ">
    <subfield code="a">حائرى، عبد الرحيم</subfield>
  </datafield>
  <datafield tag="400" ind1="1" ind2=" ">
    <subfield code="a">Ḥāʼirī, ʻAbd al-Raḥīm,</subfield>
    <subfield code="c">Ṣāḥib al-Fuṣūl,</subfield>
    <subfield code="d">1877-1948</subfield>
  </datafield>
  <datafield tag="400" ind1="1" ind2=" ">
    <subfield code="a">Ṭihrānī, ʻAbd al-Raḥīm ibn ʻAbd al-Ḥusayn Ḥāʼirī,</subfield>
    <subfield code="d">1877-1948</subfield>
  </datafield>
  <datafield tag="400" ind1="1" ind2=" ">
    <subfield code="a">تهرانى، عبد الرحيم بن عبد الحسين حائرى</subfield>
  </datafield>
  <datafield tag="400" ind1="1" ind2=" ">
    <subfield code="a">Ḥāʼirī Ṭihrānī, ʻAbd al-Raḥīm ibn ʻAbd al-Ḥusayn,</subfield>
    <subfield code="d">1877-1948</subfield>
  </datafield>
  <datafield tag="400" ind1="1" ind2=" ">
    <subfield code="a">حائرى تهرانى، عبد الرحيم بن عبد الحسين</subfield>
  </datafield>
  <datafield tag="400" ind1="1" ind2=" ">
    <subfield code="a">Ṣāḥib al-Fuṣūl, ʻAbd al-Raḥīm,</subfield>
    <subfield code="c">Āyat Allāh Ḥājj Shaykh,</subfield>
    <subfield code="d">1877-1948</subfield>
  </datafield>
  <datafield tag="400" ind1="1" ind2=" ">
    <subfield code="a">صاحب الفصول، عبد الرحيم</subfield>
  </datafield>
  <datafield tag="667" ind1=" " ind2=" ">
    <subfield code="a">Non-Latin script reference not evaluated</subfield>
  </datafield>
  <datafield tag="670" ind1=" " ind2=" ">
    <subfield code="a">ʻUrūj dar tanhāʼī, 1387, 2008 or 2009:</subfield>
    <subfield code="b">t.p. (Āyat Allāh Ḥājj Shaykh ʻAbd al-Raḥīm Ṣāḥib al-Fuṣūl) t.p. verso (Iranian CIP data: Ḥāʼirī, ʻAbd al-Raḥīm, 1355 i.e. 1255-1327 [1826 or 7-1948 or 9])</subfield>
  </datafield>
  <datafield tag="670" ind1=" " ind2=" ">
    <subfield code="a">OCLC search, Jan. 20, 2010:</subfield>
    <subfield code="b">(hdgs.: Ḥāʼirī, ʻAbd al-Raḥīm, b. 1877 ; Ḥāʼirī, ʻAbd al-Raḥīm, 1877-1948 ; Ṭihrānī, ʻAbd al-Raḥīm ibn ʻAbd al-Ḥusayn Ḥāʼirī, 1877-1948)</subfield>
  </datafield>
</record>